@article{allen2016exploiting,
	title={Exploiting the structure: Stochastic gradient methods using raw clusters},
	author={Allen-Zhu, Zeyuan and Yuan, Yang and Sridharan, Karthik},
	journal={NeurIPS},
	volume={29},
	year={2016}
}



@article{altman1992introduction,
	title={An introduction to kernel and nearest-neighbor nonparametric regression},
	author={Altman, Naomi S},
	journal={The American Statistician},
	volume={46},
	number={3},
	pages={175--185},
	year={1992},
	publisher={Taylor \& Francis}
}



@inproceedings{DBLP:conf/pods/ArenasBC99,
	author    = {Marcelo Arenas and
	Leopoldo E. Bertossi and
	Jan Chomicki},
	title     = {Consistent Query Answers in Inconsistent Databases},
	booktitle = {PODS},
	pages     = {68--79},
	publisher = {{ACM} Press},
	year      = {1999},
}



@book{DBLP:series/synthesis/2011Bertossi,
	author    = {Leopoldo E. Bertossi},
	title     = {Database Repairing and Consistent Query Answering},
	series    = {Synthesis Lectures on Data Management},
	publisher = {Morgan {\&} Claypool Publishers},
	year      = {2011},
}



@inproceedings{DBLP:conf/pods/Bertossi19,
	author    = {Leopoldo E. Bertossi},
	title     = {Database Repairs and Consistent Query Answering: Origins and Further
	Developments},
	booktitle = {{PODS}},
	pages     = {48--58},
	publisher = {{ACM}},
	year      = {2019},
}



@article{datawig,
	author  = {Felix Biessmann and Tammo Rukat and Phillipp Schmidt and Prathik Naidu and Sebastian Schelter and Andrey Taptunov and Dustin Lange and David Salinas},
	title   = {DataWig: Missing Value Imputation for Tables},
	journal = {JMLR},
	year    = {2019},
	volume  = {20},
	number  = {175},
	pages   = {1--6},
}



@article{DBLP:journals/corr/BravermanFL16,
	author    = {Vladimir Braverman and
	Dan Feldman and
	Harry Lang},
	title     = {New Frameworks for Offline and Streaming Coreset Constructions},
	journal   = {CoRR},
	volume    = {abs/1612.00889},
	year      = {2016},
}



@inproceedings{DBLP:conf/icml/CampbellB18,
	author    = {Trevor Campbell and
	Tamara Broderick},
	title     = {Bayesian Coreset Construction via Greedy Iterative Geodesic Ascent},
	booktitle = {{ICML} 2018},
	volume    = {80},
	pages     = {697--705},
	publisher = {{PMLR}},
	year      = {2018}
}



@article{chai2022selective,
	title={Selective data acquisition in the wild for model charging},
	author={Chai, Chengliang and Liu, Jiabin and Tang, Nan and Li, Guoliang and Luo, Yuyu},
	journal={PVLDB},
	volume={15},
	number={7},
	pages={1466--1478},
	year={2022}
}



@article{chai2022data,
	title={Data management for machine learning: A survey},
	author={Chai, Chengliang and Wang, Jiayi and Luo, Yuyu and Niu, Zeping and Li, Guoliang},
	journal={TKDE},
	year={2022},
	publisher={IEEE}
}



@article{chung1954stochastic,
	title={On a stochastic approximation method},
	author={Chung, Kai Lai},
	journal={The Annals of Mathematical Statistics},
	pages={463--483},
	year={1954},
	publisher={JSTOR}
}



@article{DBLP:journals/tods/DengFG16,
	author    = {Ting Deng and
	Wenfei Fan and
	Floris Geerts},
	title     = {Capturing Missing Tuples and Missing Values},
	journal   = {{ACM} Trans. Database Syst.},
	volume    = {41},
	number    = {2},
	pages     = {10:1--10:47},
	year      = {2016},
}



@article{dinur2005hardness,
	title={On the hardness of approximating minimum vertex cover},
	author={Dinur, Irit and Safra, Samuel},
	journal={Annals of mathematics},
	pages={439--485},
	year={2005},
	publisher={JSTOR}
}



@article{hofmann2015variance,
	title={Variance reduced stochastic gradient descent with neighbors},
	author={Hofmann, Thomas and Lucchi, Aurelien and Lacoste-Julien, Simon and McWilliams, Brian},
	journal={Advances in Neural Information Processing Systems},
	volume={28},
	year={2015}
}



@inproceedings{DBLP:conf/nips/HofmannLLM15,
	author    = {Thomas Hofmann and
	Aur{\'{e}}lien Lucchi and
	Simon Lacoste{-}Julien and
	Brian McWilliams},
	title     = {Variance Reduced Stochastic Gradient Descent with Neighbors},
	booktitle = {NeurIPS},
	pages     = {2305--2313},
	year      = {2015},
}



@inproceedings{killamsetty2021grad,
	title={Grad-match: Gradient matching based data subset selection for efficient deep model training},
	author={Killamsetty, Krishnateja and Durga, S and Ramakrishnan, Ganesh and De, Abir and Iyer, Rishabh},
	booktitle={ICML},
	pages={5464--5474},
	year={2021},
}



@article{DBLP:journals/pvldb/KarlasLWGC0020,
	author    = {Bojan Karlas and
	Peng Li and
	Renzhi Wu and
	Nezihe Merve G{\"{u}}rel and
	Xu Chu and
	Wentao Wu and
	Ce Zhang},
	title     = {Nearest Neighbor Classifiers over Incomplete Information: From Certain
	Answers to Certain Predictions},
	journal   = {Proc. {VLDB} Endow.},
	volume    = {14},
	number    = {3},
	pages     = {255--267},
	year      = {2020},
}



@inproceedings{DBLP:conf/icde/LiRBZCZ21,
	author    = {Peng Li and
	Xi Rao and
	Jennifer Blase and
	Yue Zhang and
	Xu Chu and
	Ce Zhang},
	title     = {CleanML: {A} Study for Evaluating the Impact of Data Cleaning on {ML}
	Classification Tasks},
	booktitle = {{ICDE}},
	pages     = {13--24},
	year      = {2021},
}



@inproceedings{DBLP:conf/sigmod/MayfieldNP10,
	author    = {Chris Mayfield and
	Jennifer Neville and
	Sunil Prabhakar},
	title     = {{ERACER:} a database approach for statistical inference and data cleaning},
	booktitle = {SIGMOD},
	pages     = {75--86},
	publisher = {{ACM}},
	year      = {2010},
}































































@article{mirzasoleiman2020coresets,
	title={Coresets for robust training of deep neural networks against noisy labels},
	author={Mirzasoleiman, Baharan and Cao, Kaidi and Leskovec, Jure},
	journal={NeurIPS},
	volume={33},
	pages={11465--11477},
	year={2020}
}




@article{cleaning4ml,
	author    = {Felix Neutatz and
	Binger Chen and
	Ziawasch Abedjan and
	Eugene Wu},
	title     = {From Cleaning before ML to Cleaning for ML},
	journal   = {{IEEE} Data Eng. Bull.},
	year      = {2021},
}

@inproceedings{mlops,
	author = {Andrew Ng},
	title = {MLOPs: From Model-centric to Data-centric AI.},
	year = {2021},
}













@article{DBLP:journals/pvldb/WangCLL21,
  author    = {Jiayi Wang and
               Chengliang Chai and
               Jiabin Liu and
               Guoliang Li},
  title     = {{FACE:} {A} Normalizing Flow based Cardinality Estimator},
  journal   = {Proc. {VLDB} Endow.},
  volume    = {15},
  number    = {1},
  pages     = {72--84},
  year      = {2021}
}

@inproceedings{DBLP:conf/iclr/Roh0WS21,
  author    = {Yuji Roh and
               Kangwook Lee and
               Steven Euijong Whang and
               Changho Suh},
  title     = {FairBatch: Batch Selection for Model Fairness},
  booktitle = { {ICLR} 2021},
  publisher = {OpenReview.net},
  year      = {2021},
}

@inproceedings{DBLP:conf/icml/MirzasoleimanBL20,
  author    = {Baharan Mirzasoleiman and
               Jeff A. Bilmes and
               Jure Leskovec},
  title     = {Coresets for Data-efficient Training of Machine Learning Models},
  booktitle = {{ICML} 2020},
  volume    = {119},
  pages     = {6950--6960},
  year      = {2020}
}



@inproceedings{autofeature,
  author    = {Jiabin Liu and
               Chengliang Chai and              
               Luyu Luo and 
               Jianhua Feng and 
               Lou Yin and  
               Nan Tang},
  title     = {Feature Augmentation with Reinforcement Learning },
  booktitle = {{ICDE}},
  year      = {2022},
}



@article{arda,
  author    = {Nadiia Chepurko and
               Ryan Marcus and
               Emanuel Zgraggen and
               Raul Castro Fernandez and
               Tim Kraska and
               David R. Karger},
  title     = {{ARDA:} Automatic Relational Data Augmentation for Machine Learning},
  journal   = {Proc. {VLDB} Endow.},
  volume    = {13},
  number    = {9},
  pages     = {1373--1387},
  year      = {2020}
}


@inproceedings{DBLP:conf/sigmod/ZhaoC0HY18,
	author    = {Zhuoyue Zhao and
	Robert Christensen and
	Feifei Li and
	Xiao Hu and
	Ke Yi},
	title     = {Random Sampling over Joins Revisited},
	booktitle = {{SIGMOD} 2018},
	pages     = {1525--1539},
	publisher = {{ACM}},
	year      = {2018}
}



@inproceedings{rdusseeun1987clustering,
	title={Clustering by means of medoids},
	author={Rdusseeun, LKPJ and Kaufman, P},
	booktitle={Proceedings of the statistical data analysis based on the L1 norm conference, neuchatel, switzerland},
	volume={31},
	year={1987}
}


@inproceedings{2016hamletsigmod,
	author    = {Arun Kumar and
	Jeffrey F. Naughton and
	Jignesh M. Patel and
	Xiaojin Zhu},
	title     = {To Join or Not to Join?: Thinking Twice about Joins before Feature
	Selection},
	booktitle = {{SIGMOD} 2016},
	pages     = {19--34},
	publisher = {{ACM}},
	year      = {2016},
}


@article{2018hamletvldb,
	author    = {Vraj Shah and
	Arun Kumar and
	Xiaojin Zhu},
	title     = {Are Key-Foreign Key Joins Safe to Avoid when Learning High-Capacity
	Classifiers?},
	journal   = {Proc. {VLDB} Endow.},
	volume    = {11},
	number    = {3},
	pages     = {366--379},
	year      = {2017},
}


@article{chen2016towards,
	title={Towards linear algebra over normalized data},
	author={Chen, Lingjiao and Kumar, Arun and Naughton, Jeffrey and Patel, Jignesh M},
	journal={arXiv preprint arXiv:1612.07448},
	year={2016}
}


@inproceedings{kumar2015learning,
	title={Learning generalized linear models over normalized data},
	author={Kumar, Arun and Naughton, Jeffrey and Patel, Jignesh M},
	booktitle={{SIGMOD} 2015},
	pages={1969--1984},
	year={2015}
}

@inproceedings{2019morpheusfisigmod,
	title        = {Enabling and Optimizing Non-Linear Feature Interactions in Factorized Linear Algebra},
	author       = {Li, Side and Chen, Lingjiao and Kumar, Arun},
	year         = 2019,
	booktitle    = {{SIGMOD} 2019},
	pages        = {1571â€“1588},
}



@article{justo2021towards,
	title={Towards a polyglot framework for factorized ML},
	author={Justo, David and Yi, Shaoqing and Stadler, Lukas and Polikarpova, Nadia and Kumar, Arun},
	journal={Proc. VLDB Endow.},
	volume={14},
	number={12},
	pages={2918--2931},
	year={2021},
}

@inproceedings{mirzasoleiman2015lazier,
	title={Lazier than lazy greedy},
	author={Mirzasoleiman, Baharan and Badanidiyuru, Ashwinkumar and Karbasi, Amin and Vondr{\'a}k, Jan and Krause, Andreas},
	booktitle={AAAI},
	volume={29},
	number={1},
	year={2015}
}


@book{boyd2004convex,
	title={Convex optimization},
	author={Boyd, Stephen and Boyd, Stephen P and Vandenberghe, Lieven},
	year={2004},
	publisher={Cambridge university press}
}







@book{garey1979computers,
	title={Computers and intractability},
	author={Garey, Michael R and Johnson, David S},
	volume={174},
	year={1979},
	publisher={freeman San Francisco}
}


@inproceedings{DBLP:conf/icml/HuangHLFD21,
	author    = {Jiawei Huang and
	Ruomin Huang and
	Wenjie Liu and
	Nikolaos M. Freris and
	Hu Ding},
	title     = {A Novel Sequential Coreset Method for Gradient Descent Algorithms},
	booktitle = {{ICML} 2021},
	volume    = {139},
	pages     = {4412--4422},
	publisher = {{PMLR}},
	year      = {2021},
}


@inproceedings{DBLP:conf/nips/MirzasoleimanCL20,
	author    = {Baharan Mirzasoleiman and
	Kaidi Cao and
	Jure Leskovec},
	title     = {Coresets for Robust Training of Deep Neural Networks against Noisy
	Labels},
	booktitle = {NeurIPS 2020},
	year      = {2020},
}



@inproceedings{DBLP:conf/icml/KillamsettySRDI21,
	author    = {KrishnaTeja Killamsetty and
	Durga Sivasubramanian and
	Ganesh Ramakrishnan and
	Abir De and
	Rishabh K. Iyer},
	title     = {{GRAD-MATCH:} Gradient Matching based Data Subset Selection for Efficient
	Deep Model Training},
	booktitle = {{ICML} 2021},
	volume    = {139},
	pages     = {5464--5474},
}



@inproceedings{DBLP:conf/emnlp/KirchhoffB14,
	author    = {Katrin Kirchhoff and
	Jeff A. Bilmes},
	title     = {Submodularity for Data Selection in Machine Translation},
	booktitle = {{EMNLP} 2014},
	pages     = {131--141},
	publisher = {{ACL}},
	year      = {2014},
}









@article{DBLP:journals/jmlr/GuyonE03,
	author    = {Isabelle Guyon and
	Andr{\'{e}} Elisseeff},
	title     = {An Introduction to Variable and Feature Selection},
	journal   = {J. Mach. Learn. Res.},
	volume    = {3},
	pages     = {1157--1182},
	year      = {2003},
}



@article{DBLP:journals/pvldb/LeisGMBK015,
	author    = {Viktor Leis and
	Andrey Gubichev and
	Atanas Mirchev and
	Peter A. Boncz and
	Alfons Kemper and
	Thomas Neumann},
	title     = {How Good Are Query Optimizers, Really?},
	journal   = {Proc. {VLDB} Endow.},
	volume    = {9},
	number    = {3},
	pages     = {204--215},
	year      = {2015},
}


@inproceedings{DBLP:conf/sigmod/MarcusNMTAK21,
	author    = {Ryan Marcus and
	Parimarjan Negi and
	Hongzi Mao and
	Nesime Tatbul and
	Mohammad Alizadeh and
	Tim Kraska},
	title     = {Bao: Making Learned Query Optimization Practical},
	booktitle = {{SIGMOD} 2021},
	pages     = {1275--1288},
	year      = {2021},
}




@book{strang2006linear,
	title={Linear algebra and its applications.},
	author={Strang, Gilbert},
	year={2006},
	publisher={Belmont, CA: Thomson, Brooks/Cole}
}



@inproceedings{DBLP:conf/sigmod/SchleichOC16,
	author    = {Maximilian Schleich and
	Dan Olteanu and
	Radu Ciucanu},
	title     = {Learning Linear Regression Models over Factorized Joins},
	booktitle = {{SIGMOD} 2016},
	pages     = {3--18},
	publisher = {{ACM}},
	year      = {2016},
}



@article{DBLP:journals/pvldb/OlteanuS16,
	author    = {Dan Olteanu and
	Maximilian Schleich},
	title     = {{F:} Regression Models over Factorized Views},
	journal   = {Proc. {VLDB} Endow.},
	volume    = {9},
	number    = {13},
	pages     = {1573--1576},
	year      = {2016},
}


@article{DBLP:journals/pvldb/KumarJYNP15,
	author    = {Arun Kumar and
	Mona Jalal and
	Boqun Yan and
	Jeffrey F. Naughton and
	Jignesh M. Patel},
	title     = {Demonstration of Santoku: Optimizing Machine Learning over Normalized
	Data},
	journal   = {Proc. {VLDB} Endow.},
	volume    = {8},
	number    = {12},
	pages     = {1864--1867},
	year      = {2015},
}



@article{DBLP:journals/pvldb/Rendle13,
	author    = {Steffen Rendle},
	title     = {Scaling Factorization Machines to Relational Data},
	journal   = {Proc. {VLDB} Endow.},
	volume    = {6},
	number    = {5},
	pages     = {337--348},
	year      = {2013},
}


@article{cortes1995support,
	title={Support-vector networks},
	author={Cortes, Corinna and Vapnik, Vladimir},
	journal={Machine learning},
	volume={20},
	number={3},
	pages={273--297},
	year={1995},
	publisher={Springer}
}


@article{drucker1996support,
	title={Support vector regression machines},
	author={Drucker, Harris and Burges, Christopher J and Kaufman, Linda and Smola, Alex and Vapnik, Vladimir},
	journal={Advances in neural information processing systems},
	volume={9},
	year={1996}
}


@misc{BrazilData,
	year= "2022",
	howpublished = "\url{https://www.kaggle.com/datasets/olistbr/brazilian-ecommerce/}",
	note = "Accessed: 2022-04-28",

}



@article{DBLP:journals/corr/abs-2011-09384,
	author    = {Dan Feldman},
	title     = {Introduction to Core-sets: an Updated Survey},
	journal   = {CoRR},
	volume    = {abs/2011.09384},
	year      = {2020},
}




@article{munteanu2018coresets,
	title={Coresets-methods and history: A theoreticians design pattern for approximation and streaming algorithms},
	author={Munteanu, Alexander and Schwiegelshohn, Chris},
	journal={KI-K{\"u}nstliche Intelligenz},
	volume={32},
	number={1},
	pages={37--53},
	year={2018},
	publisher={Springer}
}


@incollection{nedic2001convergence,
	title={Convergence rate of incremental subgradient algorithms},
	author={Nedi{\'c}, Angelia and Bertsekas, Dimitri},
	booktitle={Stochastic optimization: algorithms and applications},
	pages={223--264},
	year={2001},
	publisher={Springer}
}


@inproceedings{DBLP:conf/aaai/KillamsettySRI21,
	author    = {KrishnaTeja Killamsetty and
	Durga Sivasubramanian and
	Ganesh Ramakrishnan and
	Rishabh K. Iyer},
	title     = {{GLISTER:} Generalization based Data Subset Selection for Efficient
	and Robust Learning},
	booktitle = {{AAAI} 2021, },
	pages     = {8110--8118},
	publisher = {{AAAI} Press},
	year      = {2021},
}

@inproceedings{DBLP:conf/nips/IyerB13,
	author    = {Rishabh K. Iyer and
	Jeff A. Bilmes},
	title     = {Submodular Optimization with Submodular Cover and Submodular Knapsack
	Constraints},
	booktitle = {{NeurIPS} 2013},
	pages     = {2436--2444},
	year      = {2013},
}






@article{DBLP:journals/pvldb/HellersteinRSWFGNWFLK12,
	author    = {Joseph M. Hellerstein and
	Christopher R{\'{e}} and
	Florian Schoppmann and
	Daisy Zhe Wang and
	Eugene Fratkin and
	Aleksander Gorajek and
	Kee Siong Ng and
	Caleb Welton and
	Xixuan Feng and
	Kun Li and
	Arun Kumar},
	title     = {The MADlib Analytics Library or {MAD} Skills, the {SQL}},
	journal   = {Proc. {VLDB} Endow.},
	volume    = {5},
	number    = {12},
	pages     = {1700--1711},
	year      = {2012},
}


@article{DBLP:journals/jbd/Adadi21,
	author    = {Amina Adadi},
	title     = {A survey on data-efficient algorithms in big data era},
	journal   = {J. Big Data},
	volume    = {8},
	number    = {1},
	pages     = {1--54},
	year      = {2021},
}



@article{DBLP:journals/bdr/Al-JarrahYMKT15,
	author    = {Omar Y. Al{-}Jarrah and
	Paul D. Yoo and
	Sami Muhaidat and
	George K. Karagiannidis and
	Kamal Taha},
	title     = {Efficient Machine Learning for Big Data: {A} Review},
	journal   = {Big Data Res.},
	volume    = {2},
	number    = {3},
	pages     = {87--93},
	year      = {2015},
}



@article{DBLP:journals/tissec/XiangHRC11,
	author    = {Guang Xiang and
	Jason I. Hong and
	Carolyn Penstein Ros{\'{e}} and
	Lorrie Faith Cranor},
	title     = {{CANTINA+:} {A} Feature-Rich Machine Learning Framework for Detecting
	Phishing Web Sites},
	journal   = {{ACM} Trans. Inf. Syst. Secur.},
	volume    = {14},
	number    = {2},
	pages     = {21:1--21:28},
	year      = {2011},
}


@article{DBLP:journals/ans/InterdonatoAGKL19,
	author    = {Roberto Interdonato and
	Martin Atzmueller and
	Sabrina Gaito and
	Rushed Kanawati and
	Christine Largeron and
	Alessandra Sala},
	title     = {Feature-rich networks: going beyond complex network topologies},
	journal   = {Appl. Netw. Sci.},
	volume    = {4},
	number    = {1},
	pages     = {4:1--4:13},
	year      = {2019},
}











@article{DBLP:journals/tsmc/FarhangfarKP07,
	author    = {Alireza Farhangfar and
	Lukasz A. Kurgan and
	Witold Pedrycz},
	title     = {A Novel Framework for Imputation of Missing Values in Databases},
	journal   = {{IEEE} Trans. Syst. Man Cybern. Part {A}},
	volume    = {37},
	number    = {5},
	pages     = {692--709},
	year      = {2007},
}







@article{DBLP:journals/artmed/JerezMGARMF10,
	author    = {Jos{\'{e}} M. Jerez and
	Ignacio Molina and
	Pedro J. Garc{\'{\i}}a{-}Laencina and
	Emilio Alba and
	Nuria Ribelles and
	Miguel Mart{\'{\i}}n and
	Leonardo Franco},
	title     = {Missing data imputation using statistical and machine learning methods
	in a real breast cancer problem},
	journal   = {Artif. Intell. Medicine},
	volume    = {50},
	number    = {2},
	pages     = {105--115},
	year      = {2010},
}


@inproceedings{DBLP:conf/isese/TwalaCS05,
	author    = {Bhekisipho Twala and
	Michelle Cartwright and
	Martin J. Shepperd},
	title     = {Comparison of various methods for handling incomplete data in software
	engineering databases},
	booktitle = {{ISESE}
	2005},
	pages     = {105--114},
	year      = {2005},
}


@article{DBLP:journals/bioinformatics/StekhovenB12,
	author    = {Daniel J. Stekhoven and
	Peter B{\"{u}}hlmann},
	title     = {MissForest - non-parametric missing value imputation for mixed-type
	data},
	journal   = {Bioinform.},
	volume    = {28},
	number    = {1},
	pages     = {112--118},
	year      = {2012},
}


@article{royston2011multiple,
	title={Multiple imputation by chained equations (MICE): implementation in Stata},
	author={Royston, Patrick and White, Ian R},
	journal={Journal of statistical software},
	volume={45},
	pages={1--20},
	year={2011}
}

@inproceedings{DBLP:conf/icde/ZhangSSW19,
	author    = {Aoqian Zhang and
	Shaoxu Song and
	Yu Sun and
	Jianmin Wang},
	title     = {Learning Individual Models for Imputation},
	booktitle = {{ICDE}},
	pages     = {160--171},
	publisher = {{IEEE}},
	year      = {2019},
}


@article{DBLP:journals/corr/GondaraW17,
	author    = {Lovedeep Gondara and
	Ke Wang},
	title     = {Multiple Imputation Using Deep Denoising Autoencoders},
	journal   = {CoRR},
	volume    = {abs/1705.02737},
	year      = {2017},
}


@article{mccoy2018variational,
	title={Variational autoencoders for missing data imputation with application to a simulated milling circuit},
	author={McCoy, John T and Kroon, Steve and Auret, Lidia},
	journal={IFAC-PapersOnLine},
	volume={51},
	number={21},
	pages={141--146},
	year={2018},
	publisher={Elsevier}
}


@article{DBLP:journals/pr/NazabalOGV20,
	author    = {Alfredo Naz{\'{a}}bal and
	Pablo M. Olmos and
	Zoubin Ghahramani and
	Isabel Valera},
	title     = {Handling incomplete heterogeneous data using VAEs},
	journal   = {Pattern Recognit.},
	volume    = {107},
	pages     = {107501},
	year      = {2020},
}


@article{DBLP:journals/nn/SpinelliSU20,
	author    = {Indro Spinelli and
	Simone Scardapane and
	Aurelio Uncini},
	title     = {Missing data imputation with adversarially-trained graph convolutional
	networks},
	journal   = {Neural Networks},
	volume    = {129},
	pages     = {249--260},
	year      = {2020},
}


@inproceedings{DBLP:conf/icml/YoonJS18,
	author    = {Jinsung Yoon and
	James Jordon and
	Mihaela van der Schaar},
	title     = {{GAIN:} Missing Data Imputation using Generative Adversarial Nets},
	booktitle = {{ICML}},
	volume    = {80},
	pages     = {5675--5684},
	year      = {2018},
}


@article{DBLP:journals/pvldb/KrishnanWWFG16,
	author    = {Sanjay Krishnan and
	Jiannan Wang and
	Eugene Wu and
	Michael J. Franklin and
	Ken Goldberg},
	title     = {ActiveClean: Interactive Data Cleaning For Statistical Modeling},
	journal   = {Proc. {VLDB} Endow.},
	volume    = {9},
	number    = {12},
	pages     = {948--959},
	year      = {2016},
}




@article{DBLP:journals/corr/abs-1711-01299,
	author    = {Sanjay Krishnan and
	Michael J. Franklin and
	Ken Goldberg and
	Eugene Wu},
	title     = {BoostClean: Automated Error Detection and Repair for Machine Learning},
	journal   = {CoRR},
	volume    = {abs/1711.01299},
	year      = {2017},
}







@article{DBLP:journals/debu/KrishnanWFGKM015,
	author    = {Sanjay Krishnan and
	Jiannan Wang and
	Michael J. Franklin and
	Ken Goldberg and
	Tim Kraska and
	Tova Milo and
	Eugene Wu},
	title     = {SampleClean: Fast and Reliable Analytics on Dirty Data},
	journal   = {{IEEE} Data Eng. Bull.},
	volume    = {38},
	number    = {3},
	pages     = {59--75},
	year      = {2015},
}


@article{DBLP:journals/jbd/Adadi21,
	author    = {Amina Adadi},
	title     = {A survey on data-efficient algorithms in big data era},
	journal   = {J. Big Data},
	volume    = {8},
	number    = {1},
	pages     = {1--54},
	year      = {2021},
}


@article{DBLP:journals/bdr/Al-JarrahYMKT15,
	author    = {Omar Y. Al{-}Jarrah and
	Paul D. Yoo and
	Sami Muhaidat and
	George K. Karagiannidis and
	Kamal Taha},
	title     = {Efficient Machine Learning for Big Data: {A} Review},
	journal   = {Big Data Res.},
	volume    = {2},
	number    = {3},
	pages     = {87--93},
	year      = {2015},
}






@article{lemarechal2012cauchy,
	title={Cauchy and the gradient method},
	author={Lemar{\'e}chal, Claude},
	journal={Doc Math Extra},
	volume={251},
	number={254},
	pages={10},
	year={2012}
}







@article{miao2022experimental,
	title={An Experimental Survey of Missing Data Imputation Algorithms},
	author={Miao, Xiaoye and Wu, Yangyang and Chen, Lu and Gao, Yunjun and Yin, Jianwei},
	journal={TKDE},
	year={2022},
	publisher={IEEE}
}



@misc{auctus,
	year= "2022",
	howpublished = "\url{https://auctus.vida-nyu.org/}",
}

@misc{nursery,
	year= "2022",
	howpublished = "\url{https://archive.ics.uci.edu/ml/datasets/nursery}",
}


@misc{adult,
	year= "2022",
	howpublished = "\url{https://archive.ics.uci.edu/ml/datasets/adult}",
}


@misc{bike,
	year= "2022",
	howpublished = "\url{https://ride.capitalbikeshare.com/system-data}",
}



@misc{kaggle,
	year= "2022",
	howpublished = "\url{https://www.kaggle.com/}",
}


@article{DBLP:journals/jbd/KhanH20,
	author    = {Shahidul Islam Khan and
	Abu Sayed Md. Latiful Hoque},
	title     = {{SICE:} an improved missing data imputation technique},
	journal   = {J. Big Data},
	volume    = {7},
	number    = {1},
	pages     = {37},
	year      = {2020},
}



@inproceedings{DBLP:conf/mlsys/WuZIR20,
	author    = {Richard Wu and
	Aoqian Zhang and
	Ihab F. Ilyas and
	Theodoros Rekatsinas},
	title     = {Attention-based Learning for Missing Data Imputation in HoloClean},
	booktitle = {MLSys 2020},
	publisher = {mlsys.org},
	year      = {2020},
}



@inproceedings{lin2011class,
	title={A class of submodular functions for document summarization},
	author={Lin, Hui and Bilmes, Jeff},
	booktitle={Proceedings of the 49th annual meeting of the association for computational linguistics: human language technologies},
	pages={510--520},
	year={2011}
}



@article{liu2021adaptive,
	title={Adaptive data augmentation for supervised learning over missing data},
	author={Liu, Tongyu and Fan, Ju and Luo, Yinqing and Tang, Nan and Li, Guoliang and Du, Xiaoyong},
	journal={Proc. VLDB Endow.},
	volume={14},
	number={7},
	pages={1202--1214},
	year={2021},
}


@misc{datawigpy,
	year= "2022",
	howpublished = "\url{https://github.com/awslabs/datawig}",
}




@article{tran2018effective,
	title={An effective and efficient approach to classification with incomplete data},
	author={Tran, Cao Truong and Zhang, Mengjie and Andreae, Peter and Xue, Bing and Bui, Lam Thu},
	journal={Knowledge-Based Systems},
	volume={154},
	pages={1--16},
	year={2018},
	publisher={Elsevier}
}


@article{chai2020crowdchart,
	title={Crowdchart: Crowdsourced data extraction from visualization charts},
	author={Chai, Chengliang and Li, Guoliang and Fan, Ju and Luo, Yuyu},
	journal={IEEE Transactions on Knowledge and Data Engineering},
	volume={33},
	number={11},
	pages={3537--3549},
	year={2020},
	publisher={IEEE}
}


@article{liu2021automatic,
	title={Automatic data acquisition for deep learning},
	author={Liu, Jiabin and Zhu, Fu and Chai, Chengliang and Luo, Yuyu and Tang, Nan},
	journal={Proceedings of the VLDB Endowment},
	volume={14},
	number={12},
	pages={2739--2742},
	year={2021},
	publisher={VLDB Endowment}
}


@article{chai2022selective,
	title={Selective data acquisition in the wild for model charging},
	author={Chai, Chengliang and Liu, Jiabin and Tang, Nan and Li, Guoliang and Luo, Yuyu},
	journal={Proceedings of the VLDB Endowment},
	volume={15},
	number={7},
	pages={1466--1478},
	year={2022},
	publisher={VLDB Endowment}
}


@inproceedings{liu2022feature,
	title={Feature augmentation with reinforcement learning},
	author={Liu, Jiabin and Chai, Chengliang and Luo, Yuyu and Lou, Yin and Feng, Jianhua and Tang, Nan},
	booktitle={2022 IEEE 38th International Conference on Data Engineering (ICDE)},
	pages={3360--3372},
	year={2022},
	organization={IEEE}
}


@inproceedings{chai2020human,
	title={Human-in-the-loop outlier detection},
	author={Chai, Chengliang and Cao, Lei and Li, Guoliang and Li, Jian and Luo, Yuyu and Madden, Samuel},
	booktitle={Proceedings of the 2020 ACM SIGMOD International Conference on Management of Data},
	pages={19--33},
	year={2020}
}


@inproceedings{hao2020outdated,
	title={Outdated fact detection in knowledge bases},
	author={Hao, Shuang and Chai, Chengliang and Li, Guoliang and Tang, Nan and Wang, Ning and Yu, Xiang},
	booktitle={2020 IEEE 36th International Conference on Data Engineering (ICDE)},
	pages={1890--1893},
	year={2020},
	organization={IEEE}
}


@inproceedings{chai2016cost,
	title={Cost-effective crowdsourced entity resolution: A partial-order approach},
	author={Chai, Chengliang and Li, Guoliang and Li, Jian and Deng, Dong and Feng, Jianhua},
	booktitle={SIGMOD},
	pages={969--984},
	year={2016}
}


@article{chai2018partial,
	title={A partial-order-based framework for cost-effective crowdsourced entity resolution},
	author={Chai, Chengliang and Li, Guoliang and Li, Jian and Deng, Dong and Feng, Jianhua},
	journal={The VLDB Journal},
	volume={27},
	pages={745--770},
	year={2018},
	publisher={Springer}
}


@article{li2018cdb,
	title={CDB: A crowd-powered database system},
	author={Li, Guoliang and Chai, Chengliang and Fan, Ju and Weng, Xueping and Li, Jian and Zheng, Yudian and Li, Yuanbing and Yu, Xiang and Zhang, Xiaohang and Yuan, Haitao},
	journal={Proceedings of the VLDB Endowment},
	volume={11},
	number={12},
	pages={1926--1929},
	year={2018},
	publisher={VLDB Endowment}
}


@article{gao2018query,
	title={Query processing over incomplete databases},
	author={Gao, Yunjun and Miao, Xiaoye},
	journal={Synthesis Lectures on Data Management},
	volume={10},
	number={2},
	pages={1--122},
	year={2018},
	publisher={Morgan \& Claypool Publishers}
}


@article{miao2018incomplete,
	title={Incomplete data management: a survey},
	author={Miao, Xiaoye and Gao, Yunjun and Guo, Su and Liu, Wanqi},
	journal={Frontiers of Computer Science},
	volume={12},
	pages={4--25},
	year={2018},
	publisher={Springer}
}


@article{miao2021efficient,
	title={Efficient and effective data imputation with influence functions},
	author={Miao, Xiaoye and Wu, Yangyang and Chen, Lu and Gao, Yunjun and Wang, Jun and Yin, Jianwei},
	journal={Proceedings of the VLDB Endowment},
	volume={15},
	number={3},
	pages={624--632},
	year={2021},
	publisher={VLDB Endowment}
}


@inproceedings{wu2022interactive,
	title={An Interactive Data Imputation System},
	author={Wu, Yangyang and Miao, Xiaoye and Peng, Yuchen and Chen, Lu and Gao, Yunjun and Yin, Jianwei},
	booktitle={DASFAA},
	pages={495--499},
	year={2022},
	organization={Springer}
}


@article{ge2020hybrid,
	title={A hybrid data cleaning framework using markov logic networks},
	author={Ge, Congcong and Gao, Yunjun and Miao, Xiaoye and Yao, Bin and Wang, Haobo},
	journal={TKDE},
	volume={34},
	number={5},
	pages={2048--2062},
	year={2020},
	publisher={IEEE}
}


@inproceedings{qin2020interactively,
	title={Interactively discovering and ranking desired tuples without writing sql queries},
	author={Qin, Xuedi and Chai, Chengliang and Luo, Yuyu and Tang, Nan and Li, Guoliang},
	booktitle={SIGMOD},
	pages={2745--2748},
	year={2020}
}


@inproceedings{qin2021ranking,
	title={Ranking desired tuples by database exploration},
	author={Qin, Xuedi and Chai, Chengliang and Luo, Yuyu and Zhao, Tianyu and Tang, Nan and Li, Guoliang and Feng, Jianhua and Yu, Xiang and Ouzzani, Mourad},
	booktitle={ICDE},
	pages={1973--1978},
	year={2021},
	organization={IEEE}
}